@article{paper_rods,
author={Zhang, Z. and Sukhov, A. and Harting, J. and Malgaretti, P. and Ahmed, D.},
title={Rolling microswarms along acoustic virtual walls},
journal={nature communications},
volume={13},
issue={7347},
year={2022},
doi={10.1038/s41467-022-35078-8},
url={https://doi.org/10.1038/s41467-022-35078-8}
}

@MASTERSTHESIS{Tesis_EstebanCastro,
author={E. Castro-Ávila},
title={Simulación del comportamiento de una antena Corner Reflector por método de Lattice-Boltzmann},
school={Universidad Nacional de Colombia},
type={B.Sc. thesis},
year={2021}
}
@ARTICLE{WavesSolid,
author={A. M. Velasco and J. D. Muñoz},
title={A Lattice-Boltzmann method for the interaction between mechanical waves and solid mobile bodies.},
year={2016},
journal={preprint sent to Elsevier Science},
month={november}
}
@ARTICLE{LB_GenRel,
title={Lattice Boltzmann Model for Numerical Relativity},
author={M. Mendoza and E. Ilseven},
year={2015},
journal={Physical Review},
volume={93},
issue={2}
}
@ARTICLE{LBM_waves,
title={Lattice boltzmann method for wave propagation in urban microcells},
author={Chopard, B. and Luthi,P. O. and Wagen, J. F.},
journal={IEEE Proceedings - Microwaves, Antennas and Propagation},
volume={144},
issue={4},
pages={251-255},
month={August},
year={1997}
}
@ARTICLE{LBM_AdvectionDiffusion,
title={A lattice boltzmann equation for diffusion},
author={Dieter Wolf-Gladrow},
journal={Journal of Statistical Physics},
volume={79},
issue={5},
pages={1023-1032},
month={June},
year={1995}
}
@ARTICLE{LBMWavesCurved,
author={Velasco, A.M. and Muñoz, J.D. and Mendoza, M.},
title={Lattice boltzmann model for the simulation of the wave equation in curvilinear coordinates},
journal={Journal of Computational Physics},
volume={376},
pages={76-97},
year={2019}
}
@ARTICLE{LB_ED,
 title = {Three-dimensional lattice Boltzmann model for electrodynamics},
 author = {Mendoza, M. and Muñoz, J. D.},
 journal = {PRE},
 volume = {82},
 issue = {5},
 pages = {056708},
 numpages = {13},
 year = {2010},
 month = {Nov},
 publisher = {American Physical Society},
 doi = {10.1103/PhysRevE.82.056708},
 url = {https://link.aps.org/doi/10.1103/PhysRevE.82.056708}
 }
 @BOOK{Kruger,
     author={Krüger, T et. al},
 title={The Lattice Boltzmann Method: Principles and Practice},
 publisher={Springer},
 address={Switzerland},
 year={2017}
 }
 @article{SCHMIESCHEK2017149,
title = {LB3D: A parallel implementation of the Lattice-Boltzmann method for simulation of interacting amphiphilic fluids},
journal = {Computer Physics Communications},
volume = {217},
pages = {149-161},
year = {2017},
issn = {0010-4655},
doi = {https://doi.org/10.1016/j.cpc.2017.03.013},
url = {https://www.sciencedirect.com/science/article/pii/S0010465517301017},
author = {S. Schmieschek and L. Shamardin and S. Frijters and T. Krüger and U.D. Schiller and J. Harting and P.V. Coveney},
keywords = {Lattice-Boltzmann method, High performance computing, Multiphase flow, LBM, LB3D},
}
@article{WavesMotion,
title = {A 3D analysis of the acoustic radiation force in microfluidic
channel with rectangular geometry},
author={A. Vargas-Jiménez and M. Camacho and J.D. Muñoz and I. González },
journal={Wave Motion},
volume={101},
pages={102701},
year={2021},
doi={10.1016/j.wavemoti.2020.102701}
}
@article{Ozcelik2018,
author={Adem Ozcelik and Joseph Rufo and Feng Guo et. al.},
tile={Acoustic tweezers for the life sciences},
journal={Nature Methods},
volume={15},
pages={1021–1028},
doi={10.1038/s41592-018-0222-9},
year={2018}
}
@article{Ghanem2020,
author = {Mohamed A. Ghanem  and Adam D. Maxwell  and Yak-Nam Wang  and Bryan W. Cunitz  and Vera A. Khokhlova  and Oleg A. Sapozhnikov  and Michael R. Bailey },
title = {Noninvasive acoustic manipulation of objects in a living body},
journal = {Proceedings of the National Academy of Sciences},
volume = {117},
number = {29},
pages = {16848-16855},
year = {2020},
doi = {10.1073/pnas.2001779117},
URL = {https://www.pnas.org/doi/abs/10.1073/pnas.2001779117},
eprint = {https://www.pnas.org/doi/pdf/10.1073/pnas.2001779117},
}
@article{Gorkov1962,
author={L. P. Gor'kov},
title={ON THE FORCES ACTING ON A SMALL PARTICLE IN AN ACOUSTICAL FIELD IN AN IDEAL FLUID},
journal={SOVIET PHYSICS- DOKLADY},
volume={6},
issue={9},
pages={773-776},
year={1962}
}
@article{Ashkin1970,
  title = {Acceleration and Trapping of Particles by Radiation Pressure},
  author = {Ashkin, A.},
  journal = {Phys. Rev. Lett.},
  volume = {24},
  issue = {4},
  pages = {156--159},
  numpages = {0},
  year = {1970},
  month = Jan,
  publisher = {American Physical Society},
  doi = {10.1103/PhysRevLett.24.156},
  url = {https://link.aps.org/doi/10.1103/PhysRevLett.24.156}
}
@article{WuDu1990,
author={Junru Wu and Gonghuan Du},
title={Acoustic radiation force on a small compressible sphere in a focused beam},
journal={J. Acoust. Soc. Am.},
volume={87},
issue={3},
pages={997-1003},
year={1990}
}
@article{ARF_2D,
author={Junru Wu and Gonghuan Du and Steven S. Work and David M. Warshaw},
title={Acoustic radiation pressure on a rigid cylinder: An analytical theory and experiments},
journal={J. Acoust. Soc. Am.},
volume={87},
issue={3},
pages={581-586},
year={1990}
}
@article{Wu1991,
author={Junru Wu},
title={Acoustical tweezers},
journal={J. Acoust. Soc. Am.},
volume={89},
issue={5},
pages={2140-2143},
year={1991}
}
@article{Medina2017,
author={Mariana Medina-Sánchez and Oliver G. Schmidt},
title={Medical microbots need better imaging and control},
journal={Nature},
volume={545},
pages={406-408},
year={2017}
}
@Article{Shi2009,
author ="Shi, Jinjie and Ahmed, Daniel and Mao, Xiaole and Lin, Sz-Chin Steven and Lawit, Aitan and Huang, Tony Jun",
title  ="Acoustic tweezers: patterning cells and microparticles using standing surface acoustic waves (SSAW)",
journal  ="Lab Chip",
year  ="2009",
volume  ="9",
issue  ="20",
pages  ="2890-2895",
publisher  ="The Royal Society of Chemistry",
doi  ="10.1039/B910595F",
url  ="http://dx.doi.org/10.1039/B910595F",
}
@article{Kaiser2017,
author = {Andreas Kaiser  and Alexey Snezhko  and Igor S. Aranson },
title = {Flocking ferromagnetic colloids},
journal = {Science Advances},
volume = {3},
number = {2},
pages = {e1601469},
year = {2017},
doi = {10.1126/sciadv.1601469},
URL = {https://www.science.org/doi/abs/10.1126/sciadv.1601469},
eprint = {https://www.science.org/doi/pdf/10.1126/sciadv.1601469},
}
@article{Harting2021,
author={Daniel Ahmed and Alexander Sukhov and David Hauri and Dubon Rodrigue and Gian Maranta and Jens Harting and Bradley J. Nelson},
title={Bioinspired acousto-magnetic microswarm robots with upstream motility},
journal={Nat Mach Intell},
volume={3},
pages={116-124},
year={2021},
doi={10.1038/s42256-020-00275-x}
}    
@article{Purcell1977,
author={E. M. Purcell},
title={Life at low Reynolds number},
journal={Am. J. Phys},
volume={45},
issue={3},
year={1977},
doi={10.1119/1.10903}
}
@article{Xie2019,
author = {Hui Xie and Mengmeng Sun and Xinjian Fan e. al. },
title = {Reconfigurable magnetic microrobot swarm: Multimode transformation, locomotion, and manipulation},
journal = {Sci. Robot.},
volume = {4},
pages = {eaav8006},
year = {2019},
doi = {0.1126/scirobotics.aav8006}
}
@article{Ahmed2017,
author={Daniel Ahmed and Thierry Baasch and Nicolas Blondel and Nino Läubli et. al.},
title={Neutrophil-inspired propulsion in a combined acoustic and magnetic field},
journal={NATURE COMMUNICATIONS},
volume={8},
issue={770},
year={2017},
doi={10.1038/s41467-017-00845-5}
}
@article{Marzo2015,
author={Asier Marzo and Sue Ann Seah and Bruce W. Drinkwater et. al. },
title={Holographic acoustic elements for manipulation of levitated objects},
journal={NATURE COMMUNICATIONS},
volume={6},
issue={8661},
year={2015},
doi={10.1038/ncomms9661}
}
@article{Tasci2015,
author={T.O. Tasci and P.S. Herson et. al.},
title={Surface-enabled propulsion and control of colloidal microwheels},
journal={NATURE COMMUNICATIONS},
volume={7},
issue={10225},
year={2015},
doi={10.1038/ncomms10225}
}
@article{Han2020,
author={Koohee Han and Gašper Kokot et. al.},
title={Reconfigurable structure and tunable transport in synchronized active spinner materials},
journal={Sci. Adv.},
volume={6},
issue={12},
pages={eaaz8535},
year={2020},
doi={10.1126/sciadv.aaz8535}
}
@article{Lauga2010,
author={Eric Lauga},
title={Life around the scallop theorem},
journal={The Royal Society of Chemistry},
volume={7},
pages={3060–3065},
year={2011},
doi={10.1039/c0sm00953a}
}
@article{King1934,
author={Louis Vessot King},
year={1934},
title={On the acoustic radiation pressure on spheres},
journal={Proc. R. Soc. Lond. A},
volume={147},
pages={212–240},
doi={10.1098/rspa.1934.0215}
}
@article{King1935,
author={Louis Vessot King},
year={1935},
title={On the acoustic radiation pressure on circular discs: Inertia and diffraction},
journal={Proc. R. Soc. Lond. A},
volume={153},
pages={1–16},
doi={10.1098/rspa.1935.0218}
}

@article{Andreas2017,
author={Marco A. B. Andrade and Nicolás Pérez and Julio C. Adamowski},
title={Review of Progress in Acoustic Levitation},
journal={Brazilian Journal of Physics},
volume={48},
pages={190–213},
year={2018},
doi={10.1007/s13538-017-0552-6}
}

@Article{Bruus2011_01,
author ="Bruus, Henrik",
title  ="Acoustofluidics 1: Governing equations in microfluidics",
journal  ="Lab Chip",
year  ="2011",
volume  ="11",
pages  ="3742-3751",
publisher  ="The Royal Society of Chemistry",
doi  ="10.1039/C1LC20658C",
url  ="http://dx.doi.org/10.1039/C1LC20658C"}

@Article{Bruus2012_02,
author ="Bruus, Henrik",
title  ="Acoustofluidics 2: Perturbation theory and ultrasound resonance modes",
journal  ="Lab Chip",
year  ="2012",
volume  ="12",
pages  ="20-28",
publisher  ="The Royal Society of Chemistry",
doi  ="10.1039/C1LC20770A",
url  ="http://dx.doi.org/10.1039/C1LC20770A"}


@Article{Bruus2012_07,
author ="Bruus, Henrik",
title  ="Acoustofluidics 7: The acoustic radiation force on small particles",
journal  ="Lab Chip",
year  ="2012",
volume  ="12",
pages  ="1014-1021",
publisher  ="The Royal Society of Chemistry",
doi  ="10.1039/C2LC21068A",
url  ="http://dx.doi.org/10.1039/C2LC21068A"}

@MASTERSTHESIS{Manneberg2009,
author={O. Manneberg},
title={Multidimensional ultrasonic standing wave manipulation in microfluidic chips},
school={Universidad Nacional de Colombia},
type={Doctoral dissertation, KTH},
year={2018}
}
@article{Favier2014,
title={A Lattice Boltzmann - Immersed Boundary method to simulate the fluid interaction with moving and slender flexible objects},
author={Julien Favier and Alistair Revell and Alfredo Pinelli},
journal={Journal of Computational Physics},
year={2014},
volume={261},
pages={145-161},
doi={10.1016/j.jcp.2013.12.052f}
}
@article{Mohanty2020,
title={Contactless acoustic micro/nano manipulation: a paradigm for next generation applications in life sciences},
author={Sumit Mohanty and Islam S. M. Khalil and Sarthak Misra1,2},
year={2020},
journal={The royal society},
volume={476},
doi={10.1098/rspa.2020.0621}
}
@book{Elmore,
author={William C. Elmore and Mark A. Heald},
title={Physics of waves},
edition={1},
publisher={McGraw-Hill, Inc},
address={New York: United States of America},
year={1969}
}
@book{Landau,
author={L. D. Landau and E. M. Lifshitz},
title={FLUID MECHANICS},
edition={2},
volume={6},
publisher={Pergamon Press},
address={Great Britain: England},
year={1987}
}
@book{Bruus_book,
author={Henrik Bruus},
title={Theoretical microfuidics},
edition={3},
volume={6},
publisher={Lecture notes from Department of Micro and Nanotechnology, Technical University of Denmark},
year={2006}
}
@book{Kundu,
author={Pijush K. Kundu, Ira M. Cohen},
title={Fluid Mechanics, Second edition},
edition={2},
volume={1},
publisher={Academic Press, an Imprint of Elsevier Science},
year={1990}
}
@book{Jackson,
author={J. David Jackson},
title={Classical Electrodynamics Third edition},
edition={3},
volume={1},
publisher={John Wiley \& Sons, Inc.},
year={1999}
}